<?xml version="1.0" encoding="utf-8"?>
<record xmlns="http://www.loc.gov/MARC21/slim" xmlns:xsi="http://www.w3.org/2001/XMLSchema-instance" xsi:schemaLocation="http://www.loc.gov/MARC21/slim http://www.loc.gov/standards/marcxml/schema/MARC21slim.xsd">
	<leader>     nam a22     Mi 4500</leader>
	<controlfield tag="001">3131536</controlfield>
	<controlfield tag="003">NNC</controlfield>
	<controlfield tag="006">m        d        </controlfield>
	<controlfield tag="007">cr cn |||m|||a</controlfield>
	<controlfield tag="008">190513s1867    ua      o     000 0 ara d</controlfield>
	<datafield ind1=" " ind2=" " tag="040">
		<subfield code="a">ZYU</subfield>
		<subfield code="b">ara</subfield>
		<subfield code="e">rda</subfield>
		<subfield code="c">ZYU</subfield>
	</datafield>
	<datafield ind1=" " ind2="4" tag="050">
		<subfield code="a">PJ7820.A53</subfield>
		<subfield code="b">I85 1867</subfield>
	</datafield>
	<datafield ind1="1" ind2=" " tag="100">
		<subfield code="6">880-01</subfield>
		<subfield code="a">Darwīsh, ʻAlī ibn Ḥasan,</subfield>
		<subfield code="d">1796 or 1797-1853 or 1854.</subfield>
	</datafield>
	<datafield ind1="1" ind2="3" tag="245">
		<subfield code="6">880-02</subfield>
		<subfield code="a">Al-ʼIshʻār bi ḥamīd ʼal-ʼashʻār :</subfield>
		<subfield code="b">wa-huwa dīwān nādirat ʼal-zamān badīʻ ʼal-maʻānī fī siḥr ʼal-bayān ʼal-marḥūm ʼal-Sayyid ʻAlī ʼAfandī ʼal-Darwīsh.</subfield>
	</datafield>
	<datafield ind1=" " ind2=" " tag="260">
		<subfield code="a">[Cairo] :</subfield>
		<subfield code="b">[publisher not identified],</subfield>
		<subfield code="c">[1284 [1867]]</subfield>
	</datafield>
	<datafield ind1=" " ind2=" " tag="300">
		<subfield code="a">online resource (483 pages)</subfield>
	</datafield>
	<datafield ind1=" " ind2=" " tag="336">
		<subfield code="a">text</subfield>
		<subfield code="2">rdacontent</subfield>
	</datafield>
	<datafield ind1=" " ind2=" " tag="337">
		<subfield code="a">computer</subfield>
		<subfield code="2">rdamedia</subfield>
	</datafield>
	<datafield ind1=" " ind2=" " tag="338">
		<subfield code="a">online resource</subfield>
		<subfield code="2">rdacarrier</subfield>
	</datafield>
	<datafield ind1=" " ind2=" " tag="500">
		<subfield code="a">&quot;ʼAmmā baʻd fa-yaqūl rājī ʻafw ʼal-bārī ʼal-faqīr Muṣṭafá Salāmah ʼal-Najjārī hādhā juzʼ ṣaghīr wa-shayʼ yasīr ḥaṣaltu ʻalayhi wa-waṣaltu ʼilayhi min ṣināʻat waḥīd dahrihi wa-barāʻat farīd ʻaṣrihi dhī ʼal-qadr ʼal-karīm ʼal-marḥūm ʼal-Sayyid ʻAlī ʼAfandī ʼal-Darwīsh ibn Ḥasan ibn ʼIbrāhīm jamʻatuhu tuḥfah li-kull-i ʼarīb ...&quot;--Page 2.</subfield>
	</datafield>
	<datafield ind1=" " ind2=" " tag="500">
		<subfield code="a">&quot;ʼIntahá mā jamaʻtuhu min hādhā ʼal-dīwān ʼal-mushtamil ʻalá ʼal-ḥusn wa-ʼal-ʼiḥsān wa-kāna kamāl ʼal-tasṭīr wa-ʼal-jamʻ wa-ʼal-taḥrīr bi-qalam jāmiʻihi ʼal-faqīr fī ṣubḥ ʼal-sābiʻ wa-ʼal-ʻishrīn min shahr Ramaḍān sanat ʼalf wa-miʼatayn wa-ʼiḥdá wa-sabʻīn&quot;--Page 480.</subfield>
	</datafield>
	<datafield ind1=" " ind2=" " tag="500">
		<subfield code="a">Lithographed.</subfield>
	</datafield>
	<datafield ind1=" " ind2=" " tag="500">
		<subfield code="a">Part of the Arabic Collections Online (ACO) project, contributed by Columbia University Libraries.</subfield>
	</datafield>
	<datafield ind1=" " ind2=" " tag="533">
		<subfield code="a">Electronic reproduction.</subfield>
		<subfield code="b">New York, N.Y. :</subfield>
		<subfield code="c">New York University,</subfield>
		<subfield code="d">2019.</subfield>
		<subfield code="5">NNU</subfield>
	</datafield>
	<datafield ind1="2" ind2=" " tag="710">
		<subfield code="a">Columbia University.</subfield>
		<subfield code="b">Libraries.</subfield>
	</datafield>
	<datafield ind1="0" ind2=" " tag="730">
		<subfield code="a">Arabic Collections Online.</subfield>
	</datafield>
	<datafield ind1="0" ind2="8" tag="776">
		<subfield code="i">Print version:</subfield>
		<subfield code="a">Darwīsh, ʻAlī ibn Ḥasan, 1796 or 1797-1853 or 1854.</subfield>
		<subfield code="t">Al-ʼIshʻār bi ḥamīd ʼal-ʼashʻār</subfield>
		<subfield code="w">(NNC)3131536</subfield>
		<subfield code="w">(OCoLC)40593189</subfield>
	</datafield>
	<datafield ind1="4" ind2="0" tag="856">
		<subfield code="u">http://hdl.handle.net/2333.1/cfxpp481</subfield>
	</datafield>
	<datafield ind1="1" ind2=" " tag="880">
		<subfield code="6">100-01</subfield>
		<subfield code="a">درويش، علي بن حسن،</subfield>
		<subfield code="d">1796 or 1797-1853 or 1854.</subfield>
	</datafield>
	<datafield ind1="1" ind2="2" tag="880">
		<subfield code="6">245-02</subfield>
		<subfield code="a">الاشعار بحميد الاشعار :</subfield>
		<subfield code="b">وهو ديوان نادرة الزمان بديع المعاني في سحر البيان المرحوم السيد علي افندي الدرويش.</subfield>
	</datafield>
	<datafield ind1=" " ind2=" " tag="959">
		<subfield code="a">NNU</subfield>
		<subfield code="b">WEB</subfield>
		<subfield code="c">GENI</subfield>
		<subfield code="t">0</subfield>
		<subfield code="m">Electronic access</subfield>
		<subfield code="s">01</subfield>
	</datafield>
	<datafield ind1=" " ind2=" " tag="999">
		<subfield code="i">NNC_3131536</subfield>
		<subfield code="o">(OCoLC)ocm40593189</subfield>
		<subfield code="s">columbia_aco003615</subfield>
		<subfield code="e">(ERROR-880)</subfield>
		<subfield code="s">columbia_aco003615</subfield>
	</datafield>
</record>
